
@inproceedings{bib:semnet,
	year={2013},
	booktitle={Advanced Information Systems Engineering},
	volume={7908},
	editor={Salinesi, Camille and Norrie, MoiraC. and Pastor, Oscar},
	title={Automated Construction of a Large Semantic Network of Related Terms for Domain-Specific Modeling},
	publisher={Springer Berlin Heidelberg},	
	author={Agt, Henning and Kutsche, Ralf-Detlef},
	pages={610--625}
}

@article{bib:wordnet,
    author = {George A. Miller},
    title = {WordNet: A Lexical Database for English},
    journal = {Communications of the ACM},
    year = {1995},
    volume = {38},
    pages = {39--41}
}

@inproceedings{bib:conceptnet,
  title={Representing General Relational Knowledge in ConceptNet 5.},
  author={Speer, Robert and Havasi, Catherine},
  booktitle={Proceedings of Language Resources and Evaluation Conference},
  pages={3679--3686},
  year={2012}
}

@INPROCEEDINGS{bib:yahool6,
    author = {Mihai Surdeanu and Massimiliano Ciaramita and Hugo Zaragoza},
    title = {Learning to rank answers on large online QA collections},
    booktitle = {In Proceedings of the 46th Annual Meeting for the Association for Computational Linguistics: Human Language Technologies},
    year = {2008},
    pages = {719--727}
}

@article{bib:antelope,
    title = {{ANTELOPE - Une plateforme industrielle de traitement linguistique}},
    author = {Chaumartin, Francois-Regis},
    affiliation = {Proxem , ALPAGE - INRIA Rocquencourt},
    pages = {43--71},
    journal = {TAL : traitement automatique des langues : revue semestrielle de l'ATALA},
    volume = {49},
    number = {2 },
    year = {2008}
}

@article{bib:survey2013,
  title={A Survey and Evaluation of State-of-the-Art Intelligent Question Routing Systems},
  author={Furlan, Bojan and Nikolic, Bosko and Milutinovic, Veljko},
  journal={International Journal of Intelligent Systems},
  year={2013},
  publisher={Wiley Online Library},
  pages = {686--708},
  volume = {28},
  number = {7}
}

@INPROCEEDINGS{bib:TAG07,
    author = {Lemire, Daniel and Kaser, Owen},
    title = {TagCloud Drawing: Algorithms for Cloud Visualization},
    booktitle = {Proceedings of WWW 2007 Workshop on Tagging and Metadata for Social Information Organization},
    year = {2007}
}

@INPROCEEDINGS{bib:TAG08,
	author={Hearst, Marti A and Rosner, Daniela},
    title = {Tag Clouds: Data Analysis Tool or Social Signaller?},
    booktitle = {Proceedings of the 41st Annual Hawaii International Conference on System Sciences},
    year = {2008},
    pages = {160--160}
}

@article{bib:LinSTSS,
  title={Semantic Similarity of Short Texts in Languages with a Deficient Natural Language Processing Support},
  author={Furlan, Bojan and Batanovi{\'c}, Vuk and Nikoli{\'c}, Bo{\v{s}}ko},
  journal={Decision Support Systems},
  year={2013},
  publisher={Elsevier},
  volume = {55},
  number = {3}
}

@article{bib:JITA,
  title={Comparable evaluation of contemporary corpus-based and knowledge-based semantic similarity measures of short texts},
  author={Furlan, Bojan and Siva{\v{c}}ki, Vladimir and Jovanovi{\'c}, Davor and Nikoli{\'c}, Bo{\v{s}}ko},
  journal={JITA-Journal of Information Technology and Applications},
  volume={1},
  number={1},
  year={2011},
  pages={65--71}
}

@article{bib:1,
  title={Semantic text similarity using corpus-based word similarity and string similarity},
  author={Islam, Aminul and Inkpen, Diana},
  journal={ACM Transactions on Knowledge Discovery from Data (TKDD)},
  volume={2},
  number={2},
  pages={1--25},
  year={2008},
  publisher={ACM}
}

@inproceedings{bib:2,
  title={Corpus-based and knowledge-based measures of text semantic similarity},
  author={Mihalcea, Rada and Corley, Courtney and Strapparava, Carlo},
  booktitle={Proceedings of the National Conference on Artificial Intelligence},
  volume={21},
  issue={1},
  pages={775--780},
  year={2006}
}